

,-------------------.
|     PREAMBLE      |
`-------------------'

@preamble{ "\providecommand{\noopsort}[1]{}
           \providecommand{\singleletter}[1]{#1}
           \providecommand{\noopsort}[1]{}
           \providecommand{\singleletter}[1]{#1}
           \providecommand{\noopsort}[1]{}
           \providecommand{\singleletter}[1]{#1}
           \providecommand{\noopsort}[1]{}
           \providecommand{\singleletter}[1]{#1} "
}

,-------------------.
|  BIBTEX ENTRIES   |
`-------------------'

@article{StachurskiToda2019JET,
  author =        {Stachurski, John and Toda, Alexis Akira},
  journal =       {Journal of Economic Theory},
  month =         jul,
  pages =         {1-24},
  title =         {An Impossibility Theorem for Wealth in
                   Heterogeneous-agent Models with Limited
                   Heterogeneity},
  volume =        {182},
  year =          {2019},
  doi =           {10.1016/j.jet.2019.04.001},
}

@unpublished{MaTodaMPC,
  author =        {Ma, Qingyin and Toda, Alexis Akira},
  note =          {Manuscript, Australian National University},
  title =         {Asymptotic Marginal Propensity to Consume},
  year =          {2020},
  url =           {https://arxiv.org/abs/2002.09108},
}

@article{hiraguchiBSProofs,
  author =        {Hiraguchi, Ryoji},
  journal =       {Manuscript, Johns Hopkins University},
  title =         {On the Convergence of Consumption Rules},
  year =          {2003},
}

@article{deatonLiqConstr,
  author =        {Deaton, Angus S.},
  journal =       {Econometrica},
  note =          {\url{http://www.jstor.org/stable/2938366}},
  pages =         {1221-1248},
  title =         {Saving and Liquidity Constraints},
  volume =        {59},
  year =          {1991},
  url =           {http://www.jstor.org/stable/2938366},
}

@article{carrollEGM,
  author =        {Carroll, Christopher D.},
  journal =       {Economics Letters},
  month =         {September},
  note =
  {\url{http://econ.jhu.edu/people/ccarroll/EndogenousGridpoints.pdf}},
  number =        {3},
  pages =         {312--320},
  title =         {The {M}ethod of {E}ndogenous {G}ridpoints for
                   {S}olving {D}ynamic {S}tochastic {O}ptimization
                   {P}roblems},
  volume =        {91},
  year =          {2006},
  doi =           {10.1016/j.econlet.2005.09.013},
  url =           {http://econ.jhu.edu/people/ccarroll/EndogenousArchive.zip},
}

