

,-------------------.
|     PREAMBLE      |
`-------------------'

@preamble{ "\providecommand{\noopsort}[1]{}
           \providecommand{\singleletter}[1]{#1}
           \providecommand{\noopsort}[1]{}
           \providecommand{\singleletter}[1]{#1} "
}

,-------------------.
|  BIBTEX ENTRIES   |
`-------------------'

@book{riehl2017category,
  author =        {Riehl, Emily},
  publisher =     {Courier Dover Publications},
  title =         {Category theory in context},
  year =          {2017},
}

