

,-------------------.
|     PREAMBLE      |
`-------------------'

@preamble{ "\providecommand{\noopsort}[1]{}
           \providecommand{\singleletter}[1]{#1}
           \providecommand{\noopsort}[1]{}
           \providecommand{\singleletter}[1]{#1}
           \providecommand{\noopsort}[1]{}
           \providecommand{\singleletter}[1]{#1}
           \providecommand{\noopsort}[1]{}
           \providecommand{\singleletter}[1]{#1} "
}

,-------------------.
|  BIBTEX ENTRIES   |
`-------------------'

@article{deatonLiqConstr,
  author =        {Deaton, Angus S.},
  journal =       {Econometrica},
  note =          {\url{http://www.jstor.org/stable/2938366}},
  pages =         {1221-1248},
  title =         {Saving and Liquidity Constraints},
  volume =        {59},
  year =          {1991},
  url =           {http://www.jstor.org/stable/2938366},
}

