

,-------------------.
|     PREAMBLE      |
`-------------------'

@preamble{ "\providecommand{\noopsort}[1]{}
           \providecommand{\singleletter}[1]{#1}
           \providecommand{\noopsort}[1]{}
           \providecommand{\singleletter}[1]{#1}
           \providecommand{\noopsort}[1]{}
           \providecommand{\singleletter}[1]{#1}
           \providecommand{\noopsort}[1]{}
           \providecommand{\singleletter}[1]{#1} "
}

,-------------------.
|  BIBTEX ENTRIES   |
`-------------------'

@article{StachurskiToda2019JET,
  author =        {Stachurski, John and Toda, Alexis Akira},
  journal =       {Journal of Economic Theory},
  month =         jul,
  pages =         {1-24},
  title =         {An Impossibility Theorem for Wealth in
                   Heterogeneous-Agent Models with Limited
                   Heterogeneity},
  volume =        {182},
  year =          {2019},
  doi =           {10.1016/j.jet.2019.04.001},
}

@misc{maTodaRich,
  author =        {Qingyin Ma and Alexis Akira Toda},
  title =         {A Theory of the Saving Rate of the Rich},
  year =          {2020},
}

