

,-------------------.
|     PREAMBLE      |
`-------------------'

@preamble{ "\providecommand{\noopsort}[1]{}
           \providecommand{\singleletter}[1]{#1}
           \providecommand{\noopsort}[1]{}
           \providecommand{\singleletter}[1]{#1}
           \providecommand{\noopsort}[1]{}
           \providecommand{\singleletter}[1]{#1}
           \providecommand{\noopsort}[1]{}
           \providecommand{\singleletter}[1]{#1} "
}

,-------------------.
|  BIBTEX ENTRIES   |
`-------------------'

@article{hiraguchiBSProofs,
  author =        {Hiraguchi, Ryoji},
  journal =       {Manuscript, Johns Hopkins University},
  title =         {On the Convergence of Consumption Rules},
  year =          {2003},
}

