

,-------------------.
|     PREAMBLE      |
`-------------------'

@preamble{ "\providecommand{\noopsort}[1]{}
           \providecommand{\singleletter}[1]{#1}
           \providecommand{\noopsort}[1]{}
           \providecommand{\singleletter}[1]{#1} "
}

,-------------------.
|  BIBTEX ENTRIES   |
`-------------------'

@article{mnUnique,
  author =        {Janusz Matkowski and Andrzej S. Nowak},
  journal =       {Economic Theory},
  pages =         {455--474},
  title =         {On Discounted Dynamic Programming With Unbounded
                   Returns},
  volume =        {46},
  year =          {2011},
}

@article{szeidlInvariant,
  author =        {Szeidl, Adam},
  journal =       {Manuscript, Central European University},
  title =         {Stable Invariant Distribution in Buffer-Stock Saving
                   and Stochastic Growth Models},
  year =          {2012},
}

